@book{Akka,
  title={Akka essentials},
  author={Gupta, Munish},
  year={2012},
  publisher={Packt Publishing Ltd}
}

@article{Scala,
	title={Scala actors: Unifying thread-based and event-based programming},
	author={Haller, Philipp and Odersky, Martin},
	journal={Theoretical Computer Science},
	volume={410},
	number={2},
	pages={202--220},
	year={2009},
	publisher={Elsevier}
}

@article{Sirjani,
	title={An actor-based model for formal modelling of reactive systems: Rebeca},
	author={Sirjani, M and Movaghar, A},
	journal={Technical Report},
	year={2001}
}

@techreport{Agha,
	title={Actors: A model of concurrent computation in distributed systems.},
	author={Agha, Gul A},
	year={1985},
	institution={MASSACHUSETTS INST OF TECH CAMBRIDGE ARTIFICIAL INTELLIGENCE LAB}
}

@book{Schafer,
	title={A programming model and language for concurrent and distributed object-oriented systems},
	author={Sch{\"a}fer, Jan},
	year={2011},
	publisher={University of Kaiserslautern}
}

@inproceedings{Key,
	title={KeY-ABS: a deductive verification tool for the concurrent modelling language ABS},
	author={Din, Crystal Chang and Bubel, Richard and H{\"a}hnle, Reiner},
	booktitle={International Conference on Automated Deduction},
	pages={517--526},
	year={2015},
	organization={Springer}
}

@inproceedings{Erlang,
	title={Erlang-style error recovery for concurrent objects with cooperative scheduling},
	author={G{\"o}ri, Georg and Johnsen, Einar Broch and Schlatte, Rudolf and Stolz, Volker},
	booktitle={International Symposium On Leveraging Applications of Formal Methods, Verification and Validation},
	pages={5--21},
	year={2014},
	organization={Springer}
}


@article{Haskell,
	title={A Formal, Resource Consumption-Preserving Translation of Actors to Haskell},
	author={Albert, Elvira and Bezirgiannis, Nikolaos and de Boer, Frank and Martin-Martin, Enrique},
	journal={arXiv preprint arXiv:1608.02896},
	year={2016}
}

@inproceedings{Encore,
	title={Parallel objects for multicores: A glimpse at the parallel language Encore},
	author={Brandauer, Stephan and Castegren, Elias and Clarke, Dave and Fernandez-Reyes, Kiko and Johnsen, Einar Broch and Pun, Ka I and Tarifa, S Lizeth Tapia and Wrigstad, Tobias and Yang, Albert Mingkun},
	booktitle={International School on Formal Methods for the Design of Computer, Communication and Software Systems},
	pages={1--56},
	year={2015},
	organization={Springer}
}

@article{Albert,
	title={Formal modeling and analysis of resource management for cloud architectures: an industrial case study using Real-Time ABS},
	author={Albert, Elvira and de Boer, Frank S and H{\"a}hnle, Reiner and Johnsen, Einar Broch and Schlatte, Rudolf and Tarifa, S Lizeth Tapia and Wong, Peter YH},
	journal={Service Oriented Computing and Applications},
	volume={8},
	number={4},
	pages={323--339},
	year={2014},
	publisher={Springer}
}

@article{deadlock,
	title={A framework for deadlock detection in core ABS},
	author={Giachino, Elena and Laneve, Cosimo and Lienhardt, Michael},
	journal={Software \& Systems Modeling},
	volume={15},
	number={4},
	pages={1013--1048},
	year={2016},
	publisher={Springer}
}

@article{rabs,
	title={User-defined schedulers for real-time concurrent objects},
	author={Bj{\o}rk, Joakim and de Boer, Frank S and Johnsen, Einar Broch and Schlatte, Rudolf and Tarifa, S Lizeth Tapia},
	journal={Innovations in Systems and Software Engineering},
	volume={9},
	number={1},
	pages={29--43},
	year={2013},
	publisher={Springer}
}

@inproceedings{cgf,
	title={A complete guide to the future},
	author={De Boer, Frank S and Clarke, Dave and Johnsen, Einar Broch},
	booktitle={ESOP},
	volume={4421},
	pages={316--330},
	year={2007},
	organization={Springer}
}

@inproceedings{paj8,
	title={Programming with actors in Java 8},
	author={Nobakht, Behrooz and de Boer, Frank S},
	booktitle={International Symposium On Leveraging Applications of Formal Methods, Verification and Validation},
	pages={37--53},
	year={2014},
	organization={Springer}
}

@article{bas16,
	title={Design patterns for multi-agent programming},
	author={Dastani, Mehdi and Testerink, Bas},
	journal={International Journal of Agent-Oriented Software Engineering},
	volume={5},
	number={2-3},
	pages={167--202},
	year={2016},
	publisher={Inderscience Publishers (IEL)}
}

@inproceedings{abs,
	title={ABS: A core language for abstract behavioral specification},
	author={Johnsen, Einar Broch and H{\"a}hnle, Reiner and Sch{\"a}fer, Jan and Schlatte, Rudolf and Steffen, Martin},
	booktitle={Formal Methods for Components and Objects},
	pages={142--164},
	year={2012},
	organization={Springer}
}

@inproceedings{saco,
	title={SACO: Static Analyzer for Concurrent Objects.},
	author={Albert, Elvira and Arenas, Puri and Flores-Montoya, Antonio and Genaim, Samir and G{\'o}mez-Zamalloa, Miguel and Martin-Martin, Enrique and Puebla, Germ{\'a}n and Rom{\'a}n-D{\'\i}ez, Guillermo},
	booktitle={TACAS},
	volume={14},
	pages={562--567},
	year={2014}
}

@inproceedings{cog,
	title={Programming and deployment of active objects with application-level scheduling},
	author={Nobakht, Behrooz and de Boer, Frank S and Jaghoori, Mohammad Mahdi and Schlatte, Rudolf},
	booktitle={Proceedings of the 27th Annual ACM Symposium on Applied Computing},
	pages={1883--1888},
	year={2012},
	organization={ACM}
}

@incollection{dead,
	title={May-happen-in-parallel based deadlock analysis for concurrent objects},
	author={Flores-Montoya, Antonio E and Albert, Elvira and Genaim, Samir},
	booktitle={Formal Techniques for Distributed Systems},
	pages={273--288},
	year={2013},
	publisher={Springer}
}

@incollection{dis,
	title={A java-based distributed approach for generating large-scale social network graphs},
	author={{\c{S}}erb{\u{a}}nescu, Vlad and Azadbakht, Keyvan and de Boer, Frank},
	booktitle={Resource Management for Big Data Platforms},
	pages={401--417},
	year={2016},
	publisher={Springer}
}

@inproceedings{cloud,
	title={ABS: a high-level modeling language for cloud-aware programming},
	author={Bezirgiannis, Nikolaos and de Boer, Frank},
	booktitle={International Conference on Current Trends in Theory and Practice of Informatics},
	pages={433--444},
	year={2016},
	organization={Springer}
}

@inproceedings{agent_auction,
	title={Organisational abstractions for the analysis and design of multi-agent systems},
	author={Zambonelli, Franco and Jennings, Nicholas R and Wooldridge, Michael},
	booktitle={Agent-oriented software engineering},
	pages={235--251},
	year={2001},
	organization={Springer}
}

@article{creol,
	title={Creol: A type-safe object-oriented model for distributed concurrent systems},
	author={Johnsen, Einar Broch and Owe, Olaf and Yu, Ingrid Chieh},
	journal={Theoretical Computer Science},
	volume={365},
	number={1-2},
	pages={23--66},
	year={2006},
	publisher={Elsevier}
}

@inproceedings{takka,
	title={Typecasting actors: from Akka to TAkka},
	author={He, Jiansen and Wadler, Philip and Trinder, Philip},
	booktitle={Proceedings of the Fifth Annual Scala Workshop},
	pages={23--33},
	year={2014},
	organization={ACM}
}

@inproceedings{railway,
	title={Towards incremental validation of railway systems},
	author={H{\"a}hnle, Reiner and Muschevici, Radu},
	booktitle={International Symposium on Leveraging Applications of Formal Methods},
	pages={433--446},
	year={2016},
	organization={Springer}
}

@inproceedings{savina,
	title={Savina-an actor benchmark suite: Enabling empirical evaluation of actor libraries},
	author={Imam, Shams M and Sarkar, Vivek},
	booktitle={Proceedings of the 4th International Workshop on Programming based on Actors Agents \& Decentralized Control},
	pages={67--80},
	year={2014},
	organization={ACM}
}

